@book{books/Fishburn85,
  author    = {Peter C. Fishburn},
  title     = {Interval Orders and Interval Graphs: A Study of Partially Ordered Sets},
  publisher = {John Wiley \& Sons Inc},
  series    = {Wiley-Interscience Series in Discrete Mathematics},
  year      = {1985},
}
