% Generated by Bibly (https://github.com/michael-emmi/bibly)

@inproceedings{conf/asplos/BurnimNS11,
  author    = {Jacob Burnim and
               George C. Necula and
               Koushik Sen},
  title     = {Specifying and checking semantic atomicity for multithreaded programs},
  booktitle = {Proceedings of the 16th International Conference on Architectural
               Support for Programming Languages and Operating Systems, {ASPLOS}
               2011, Newport Beach, CA, USA, March 5-11, 2011},
  pages     = {79--90},
  publisher = {{ACM}},
  year      = {2011},
  url       = {http://doi.acm.org/10.1145/1950365.1950377},
  doi       = {10.1145/1950365.1950377},
  timestamp = {Thu, 10 Mar 2011 21:26:51 +0100},
  biburl    = {http://dblp.uni-trier.de/rec/bib/conf/asplos/BurnimNS11},
  bibsource = {dblp computer science bibliography, http://dblp.org}
}

@inproceedings{conf/cav/AmitRRSY07,
  author    = {Daphna Amit and
               Noam Rinetzky and
               Thomas W. Reps and
               Mooly Sagiv and
               Eran Yahav},
  title     = {Comparison Under Abstraction for Verifying Linearizability},
  booktitle = {Computer Aided Verification, 19th International Conference, {CAV}
               2007, Berlin, Germany, July 3-7, 2007, Proceedings},
  series    = {Lecture Notes in Computer Science},
  volume    = {4590},
  pages     = {477--490},
  publisher = {Springer},
  year      = {2007},
  url       = {http://dx.doi.org/10.1007/978-3-540-73368-3_49},
  doi       = {10.1007/978-3-540-73368-3_49},
  timestamp = {Mon, 03 Sep 2007 13:24:22 +0200},
  biburl    = {http://dblp.uni-trier.de/rec/bib/conf/cav/AmitRRSY07},
  bibsource = {dblp computer science bibliography, http://dblp.org}
}

@inproceedings{conf/cav/DragoiGH13,
  author    = {Cezara Dragoi and
               Ashutosh Gupta and
               Thomas A. Henzinger},
  title     = {Automatic Linearizability Proofs of Concurrent Objects with Cooperating
               Updates},
  booktitle = {Computer Aided Verification - 25th International Conference, {CAV}
               2013, Saint Petersburg, Russia, July 13-19, 2013. Proceedings},
  series    = {Lecture Notes in Computer Science},
  volume    = {8044},
  pages     = {174--190},
  publisher = {Springer},
  year      = {2013},
  url       = {http://dx.doi.org/10.1007/978-3-642-39799-8_11},
  doi       = {10.1007/978-3-642-39799-8_11},
  timestamp = {Fri, 12 Jul 2013 13:57:42 +0200},
  biburl    = {http://dblp.uni-trier.de/rec/bib/conf/cav/DragoiGH13},
  bibsource = {dblp computer science bibliography, http://dblp.org}
}

@inproceedings{conf/cav/Vafeiadis10,
  author    = {Viktor Vafeiadis},
  title     = {Automatically Proving Linearizability},
  booktitle = {Computer Aided Verification, 22nd International Conference, {CAV}
               2010, Edinburgh, UK, July 15-19, 2010. Proceedings},
  series    = {Lecture Notes in Computer Science},
  volume    = {6174},
  pages     = {450--464},
  publisher = {Springer},
  year      = {2010},
  url       = {http://dx.doi.org/10.1007/978-3-642-14295-6_40},
  doi       = {10.1007/978-3-642-14295-6_40},
  timestamp = {Mon, 12 Jul 2010 12:35:00 +0200},
  biburl    = {http://dblp.uni-trier.de/rec/bib/conf/cav/Vafeiadis10},
  bibsource = {dblp computer science bibliography, http://dblp.org}
}

@inproceedings{conf/concur/HenzingerSV13,
  author    = {Thomas A. Henzinger and
               Ali Sezgin and
               Viktor Vafeiadis},
  title     = {Aspect-Oriented Linearizability Proofs},
  booktitle = {{CONCUR} 2013 - Concurrency Theory - 24th International Conference,
               {CONCUR} 2013, Buenos Aires, Argentina, August 27-30, 2013. Proceedings},
  series    = {Lecture Notes in Computer Science},
  volume    = {8052},
  pages     = {242--256},
  publisher = {Springer},
  year      = {2013},
  url       = {http://dx.doi.org/10.1007/978-3-642-40184-8_18},
  doi       = {10.1007/978-3-642-40184-8_18},
  timestamp = {Wed, 24 Jul 2013 15:44:24 +0200},
  biburl    = {http://dblp.uni-trier.de/rec/bib/conf/concur/HenzingerSV13},
  bibsource = {dblp computer science bibliography, http://dblp.org}
}

@inproceedings{conf/fm/LiuCLS09,
  author    = {Yang Liu and
               Wei Chen and
               Yanhong A. Liu and
               Jun Sun},
  title     = {Model Checking Linearizability via Refinement},
  booktitle = {{FM} 2009: Formal Methods, Second World Congress, Eindhoven, The Netherlands,
               November 2-6, 2009. Proceedings},
  series    = {Lecture Notes in Computer Science},
  volume    = {5850},
  pages     = {321--337},
  publisher = {Springer},
  year      = {2009},
  url       = {http://dx.doi.org/10.1007/978-3-642-05089-3_21},
  doi       = {10.1007/978-3-642-05089-3_21},
  timestamp = {Thu, 09 Jun 2011 13:41:18 +0200},
  biburl    = {http://dblp.uni-trier.de/rec/bib/conf/fm/LiuCLS09},
  bibsource = {dblp computer science bibliography, http://dblp.org}
}

@inproceedings{conf/icalp/BouajjaniEEH15,
  author    = {Ahmed Bouajjani and
               Michael Emmi and
               Constantin Enea and
               Jad Hamza},
  title     = {On Reducing Linearizability to State Reachability},
  booktitle = {Automata, Languages, and Programming - 42nd International Colloquium,
               {ICALP} 2015, Kyoto, Japan, July 6-10, 2015, Proceedings, Part {II}},
  series    = {Lecture Notes in Computer Science},
  volume    = {9135},
  pages     = {95--107},
  publisher = {Springer},
  year      = {2015},
  url       = {http://dx.doi.org/10.1007/978-3-662-47666-6_8},
  doi       = {10.1007/978-3-662-47666-6_8},
  timestamp = {Mon, 22 Jun 2015 12:04:57 +0200},
  biburl    = {http://dblp.uni-trier.de/rec/bib/conf/icalp/BouajjaniEEH15},
  bibsource = {dblp computer science bibliography, http://dblp.org}
}

@inproceedings{conf/icse/Zhang11a,
  author    = {Shao Jie Zhang},
  title     = {Scalable automatic linearizability checking},
  booktitle = {Proceedings of the 33rd International Conference on Software Engineering,
               {ICSE} 2011, Waikiki, Honolulu , HI, USA, May 21-28, 2011},
  pages     = {1185--1187},
  publisher = {{ACM}},
  year      = {2011},
  url       = {http://doi.acm.org/10.1145/1985793.1986037},
  doi       = {10.1145/1985793.1986037},
  timestamp = {Wed, 01 Apr 2015 20:06:21 +0200},
  biburl    = {http://dblp.uni-trier.de/rec/bib/conf/icse/Zhang11a},
  bibsource = {dblp computer science bibliography, http://dblp.org}
}

@inproceedings{conf/kbse/ZhangCW13,
  author    = {Lu Zhang and
               Arijit Chattopadhyay and
               Chao Wang},
  title     = {Round-up: Runtime checking quasi linearizability of concurrent data
               structures},
  booktitle = {2013 28th {IEEE/ACM} International Conference on Automated Software
               Engineering, {ASE} 2013, Silicon Valley, CA, USA, November 11-15,
               2013},
  pages     = {4--14},
  publisher = {{IEEE}},
  year      = {2013},
  url       = {http://dx.doi.org/10.1109/ASE.2013.6693061},
  doi       = {10.1109/ASE.2013.6693061},
  timestamp = {Mon, 21 Jul 2014 07:41:41 +0200},
  biburl    = {http://dblp.uni-trier.de/rec/bib/conf/kbse/ZhangCW13},
  bibsource = {dblp computer science bibliography, http://dblp.org}
}

@inproceedings{conf/lics/AbdullaCJT96,
  author    = {Parosh Aziz Abdulla and
               Karlis Cerans and
               Bengt Jonsson and
               Yih{-}Kuen Tsay},
  title     = {General Decidability Theorems for Infinite-State Systems},
  booktitle = {Proceedings, 11th Annual {IEEE} Symposium on Logic in Computer Science,
               New Brunswick, New Jersey, USA, July 27-30, 1996},
  pages     = {313--321},
  publisher = {{IEEE} Computer Society},
  year      = {1996},
  url       = {http://dx.doi.org/10.1109/LICS.1996.561359},
  doi       = {10.1109/LICS.1996.561359},
  timestamp = {Sat, 22 Nov 2014 13:44:42 +0100},
  biburl    = {http://dblp.uni-trier.de/rec/bib/conf/lics/AbdullaCJT96},
  bibsource = {dblp computer science bibliography, http://dblp.org}
}

@inproceedings{conf/oopsla/ShachamBASVY11,
  author    = {Ohad Shacham and
               Nathan Grasso Bronson and
               Alex Aiken and
               Mooly Sagiv and
               Martin T. Vechev and
               Eran Yahav},
  title     = {Testing atomicity of composed concurrent operations},
  booktitle = {Proceedings of the 26th Annual {ACM} {SIGPLAN} Conference on Object-Oriented
               Programming, Systems, Languages, and Applications, {OOPSLA} 2011,
               part of {SPLASH} 2011, Portland, OR, USA, October 22 - 27, 2011},
  pages     = {51--64},
  publisher = {{ACM}},
  year      = {2011},
  url       = {http://doi.acm.org/10.1145/2048066.2048073},
  doi       = {10.1145/2048066.2048073},
  timestamp = {Tue, 25 Oct 2011 20:48:58 +0200},
  biburl    = {http://dblp.uni-trier.de/rec/bib/conf/oopsla/ShachamBASVY11},
  bibsource = {dblp computer science bibliography, http://dblp.org}
}

@inproceedings{conf/pldi/BurckhardtDMT10,
  author    = {Sebastian Burckhardt and
               Chris Dern and
               Madanlal Musuvathi and
               Roy Tan},
  title     = {Line-up: a complete and automatic linearizability checker},
  booktitle = {Proceedings of the 2010 {ACM} {SIGPLAN} Conference on Programming
               Language Design and Implementation, {PLDI} 2010, Toronto, Ontario,
               Canada, June 5-10, 2010},
  pages     = {330--340},
  publisher = {{ACM}},
  year      = {2010},
  url       = {http://doi.acm.org/10.1145/1806596.1806634},
  doi       = {10.1145/1806596.1806634},
  timestamp = {Mon, 07 Jun 2010 09:41:55 +0200},
  biburl    = {http://dblp.uni-trier.de/rec/bib/conf/pldi/BurckhardtDMT10},
  bibsource = {dblp computer science bibliography, http://dblp.org}
}

@inproceedings{conf/pldi/EmmiEH15,
  author    = {Michael Emmi and
               Constantin Enea and
               Jad Hamza},
  title     = {Monitoring refinement via symbolic reasoning},
  booktitle = {Proceedings of the 36th {ACM} {SIGPLAN} Conference on Programming
               Language Design and Implementation, Portland, OR, USA, June 15-17,
               2015},
  pages     = {260--269},
  publisher = {{ACM}},
  year      = {2015},
  url       = {http://doi.acm.org/10.1145/2737924.2737983},
  doi       = {10.1145/2737924.2737983},
  timestamp = {Fri, 05 Jun 2015 07:31:54 +0200},
  biburl    = {http://dblp.uni-trier.de/rec/bib/conf/pldi/EmmiEH15},
  bibsource = {dblp computer science bibliography, http://dblp.org}
}

@inproceedings{conf/pldi/LiangF13,
  author    = {Hongjin Liang and
               Xinyu Feng},
  title     = {Modular verification of linearizability with non-fixed linearization
               points},
  booktitle = {{ACM} {SIGPLAN} Conference on Programming Language Design and Implementation,
               {PLDI} '13, Seattle, WA, USA, June 16-19, 2013},
  pages     = {459--470},
  publisher = {{ACM}},
  year      = {2013},
  url       = {http://doi.acm.org/10.1145/2462156.2462189},
  doi       = {10.1145/2462156.2462189},
  timestamp = {Sun, 09 Jun 2013 12:32:52 +0200},
  biburl    = {http://dblp.uni-trier.de/rec/bib/conf/pldi/LiangF13},
  bibsource = {dblp computer science bibliography, http://dblp.org}
}

@inproceedings{conf/podc/HemedR14,
  author    = {Nir Hemed and
               Noam Rinetzky},
  title     = {Brief announcement: concurrency-aware linearizability},
  booktitle = {{ACM} Symposium on Principles of Distributed Computing, {PODC} '14,
               Paris, France, July 15-18, 2014},
  pages     = {209--211},
  publisher = {{ACM}},
  year      = {2014},
  url       = {http://doi.acm.org/10.1145/2611462.2611513},
  doi       = {10.1145/2611462.2611513},
  timestamp = {Sun, 13 Jul 2014 13:17:36 +0200},
  biburl    = {http://dblp.uni-trier.de/rec/bib/conf/podc/HemedR14},
  bibsource = {dblp computer science bibliography, http://dblp.org}
}

@inproceedings{conf/podc/OHearnRVYY10,
  author    = {Peter W. O'Hearn and
               Noam Rinetzky and
               Martin T. Vechev and
               Eran Yahav and
               Greta Yorsh},
  title     = {Verifying linearizability with hindsight},
  booktitle = {Proceedings of the 29th Annual {ACM} Symposium on Principles of Distributed
               Computing, {PODC} 2010, Zurich, Switzerland, July 25-28, 2010},
  pages     = {85--94},
  publisher = {{ACM}},
  year      = {2010},
  url       = {http://doi.acm.org/10.1145/1835698.1835722},
  doi       = {10.1145/1835698.1835722},
  timestamp = {Wed, 23 May 2012 14:26:10 +0200},
  biburl    = {http://dblp.uni-trier.de/rec/bib/conf/podc/OHearnRVYY10},
  bibsource = {dblp computer science bibliography, http://dblp.org}
}

@inproceedings{conf/popl/BouajjaniEEH15,
  author    = {Ahmed Bouajjani and
               Michael Emmi and
               Constantin Enea and
               Jad Hamza},
  title     = {Tractable Refinement Checking for Concurrent Objects},
  booktitle = {Proceedings of the 42nd Annual {ACM} {SIGPLAN-SIGACT} Symposium on
               Principles of Programming Languages, {POPL} 2015, Mumbai, India, January
               15-17, 2015},
  pages     = {651--662},
  publisher = {{ACM}},
  year      = {2015},
  url       = {http://doi.acm.org/10.1145/2676726.2677002},
  doi       = {10.1145/2676726.2677002},
  timestamp = {Sat, 20 Dec 2014 16:58:56 +0100},
  biburl    = {http://dblp.uni-trier.de/rec/bib/conf/popl/BouajjaniEEH15},
  bibsource = {dblp computer science bibliography, http://dblp.org}
}

@inproceedings{conf/popl/DoddsHK15,
  author    = {Mike Dodds and
               Andreas Haas and
               Christoph M. Kirsch},
  title     = {A Scalable, Correct Time-Stamped Stack},
  booktitle = {Proceedings of the 42nd Annual {ACM} {SIGPLAN-SIGACT} Symposium on
               Principles of Programming Languages, {POPL} 2015, Mumbai, India, January
               15-17, 2015},
  pages     = {233--246},
  publisher = {{ACM}},
  year      = {2015},
  url       = {http://doi.acm.org/10.1145/2676726.2676963},
  doi       = {10.1145/2676726.2676963},
  timestamp = {Sat, 20 Dec 2014 16:58:56 +0100},
  biburl    = {http://dblp.uni-trier.de/rec/bib/conf/popl/DoddsHK15},
  bibsource = {dblp computer science bibliography, http://dblp.org}
}

@inproceedings{conf/tacas/AbdullaHHJR13,
  author    = {Parosh Aziz Abdulla and
               Fr{\'{e}}d{\'{e}}ric Haziza and
               Luk{\'{a}}s Hol{\'{\i}}k and
               Bengt Jonsson and
               Ahmed Rezine},
  title     = {An Integrated Specification and Verification Technique for Highly
               Concurrent Data Structures},
  booktitle = {Tools and Algorithms for the Construction and Analysis of Systems
               - 19th International Conference, {TACAS} 2013, Held as Part of the
               European Joint Conferences on Theory and Practice of Software, {ETAPS}
               2013, Rome, Italy, March 16-24, 2013. Proceedings},
  series    = {Lecture Notes in Computer Science},
  volume    = {7795},
  pages     = {324--338},
  publisher = {Springer},
  year      = {2013},
  url       = {http://dx.doi.org/10.1007/978-3-642-36742-7_23},
  doi       = {10.1007/978-3-642-36742-7_23},
  timestamp = {Mon, 18 Feb 2013 14:43:46 +0100},
  biburl    = {http://dblp.uni-trier.de/rec/bib/conf/tacas/AbdullaHHJR13},
  bibsource = {dblp computer science bibliography, http://dblp.org}
}

@article{journals/ase/GiannakopoulouPB05,
  author    = {Dimitra Giannakopoulou and
               Corina S. Pasareanu and
               Howard Barringer},
  title     = {Component Verification with Automatically Generated Assumptions},
  journal   = {Autom. Softw. Eng.},
  volume    = {12},
  number    = {3},
  pages     = {297--320},
  year      = {2005},
  url       = {http://dx.doi.org/10.1007/s10515-005-2641-y},
  doi       = {10.1007/s10515-005-2641-y},
  timestamp = {Mon, 23 Jan 2006 14:29:58 +0100},
  biburl    = {http://dblp.uni-trier.de/rec/bib/journals/ase/GiannakopoulouPB05},
  bibsource = {dblp computer science bibliography, http://dblp.org}
}

@article{journals/dc/HendlerLMS06,
  author    = {Danny Hendler and
               Yossi Lev and
               Mark Moir and
               Nir Shavit},
  title     = {A dynamic-sized nonblocking work stealing deque},
  journal   = {Distributed Computing},
  volume    = {18},
  number    = {3},
  pages     = {189--207},
  year      = {2006},
  url       = {http://dx.doi.org/10.1007/s00446-005-0144-5},
  doi       = {10.1007/s00446-005-0144-5},
  timestamp = {Mon, 03 Jul 2006 13:00:51 +0200},
  biburl    = {http://dblp.uni-trier.de/rec/bib/journals/dc/HendlerLMS06},
  bibsource = {dblp computer science bibliography, http://dblp.org}
}

@article{journals/iandc/Angluin87,
  author    = {Dana Angluin},
  title     = {Learning Regular Sets from Queries and Counterexamples},
  journal   = {Inf. Comput.},
  volume    = {75},
  number    = {2},
  pages     = {87--106},
  year      = {1987},
  url       = {http://dx.doi.org/10.1016/0890-5401(87)90052-6},
  doi       = {10.1016/0890-5401(87)90052-6},
  timestamp = {Wed, 06 Jul 2011 21:23:37 +0200},
  biburl    = {http://dblp.uni-trier.de/rec/bib/journals/iandc/Angluin87},
  bibsource = {dblp computer science bibliography, http://dblp.org}
}

@article{journals/jpdc/WingG93,
  author    = {Jeannette M. Wing and
               C. Gong},
  title     = {Testing and Verifying Concurrent Objects},
  journal   = {J. Parallel Distrib. Comput.},
  volume    = {17},
  number    = {1-2},
  pages     = {164--182},
  year      = {1993},
  url       = {http://dx.doi.org/10.1006/jpdc.1993.1015},
  doi       = {10.1006/jpdc.1993.1015},
  timestamp = {Fri, 09 Sep 2011 12:53:11 +0200},
  biburl    = {http://dblp.uni-trier.de/rec/bib/journals/jpdc/WingG93},
  bibsource = {dblp computer science bibliography, http://dblp.org}
}

@article{journals/tcs/FinkelS01,
  author    = {Alain Finkel and
               Philippe Schnoebelen},
  title     = {Well-structured transition systems everywhere!},
  journal   = {Theor. Comput. Sci.},
  volume    = {256},
  number    = {1-2},
  pages     = {63--92},
  year      = {2001},
  url       = {http://dx.doi.org/10.1016/S0304-3975(00)00102-X},
  doi       = {10.1016/S0304-3975(00)00102-X},
  timestamp = {Tue, 12 May 2015 17:12:01 +0200},
  biburl    = {http://dblp.uni-trier.de/rec/bib/journals/tcs/FinkelS01},
  bibsource = {dblp computer science bibliography, http://dblp.org}
}

@article{journals/toplas/HerlihyW90,
  author    = {Maurice Herlihy and
               Jeannette M. Wing},
  title     = {Linearizability: {A} Correctness Condition for Concurrent Objects},
  journal   = {{ACM} Trans. Program. Lang. Syst.},
  volume    = {12},
  number    = {3},
  pages     = {463--492},
  year      = {1990},
  url       = {http://doi.acm.org/10.1145/78969.78972},
  doi       = {10.1145/78969.78972},
  timestamp = {Mon, 03 Apr 2006 11:19:30 +0200},
  biburl    = {http://dblp.uni-trier.de/rec/bib/journals/toplas/HerlihyW90},
  bibsource = {dblp computer science bibliography, http://dblp.org}
}
