@inproceedings{conf/popl/BouajjaniEEH15,
  author    = {Ahmed Bouajjani and
               Michael Emmi and
               Constantin Enea and
               Jad Hamza},
  title     = {Tractable Refinement Checking for Concurrent Objects},
  booktitle = {Proc. 42nd Annual {ACM} {SIGPLAN-SIGACT} Symposium on
               Principles of Programming Languages, ({POPL} ’15)},
  pages     = {651--662},
  publisher = {{ACM}},
  year      = {2015},
  url       = {http://doi.acm.org/10.1145/2676726.2677002},
  isbn      = {978-1-4503-3300-9},
  doi       = {10.1145/2676726.2677002},
  timestamp = {Sat, 20 Dec 2014 16:58:56 +0100},
  biburl    = {http://dblp.uni-trier.de/rec/bib/conf/popl/BouajjaniEEH15},
  bibsource = {dblp computer science bibliography, http://dblp.org}
}

@inproceedings{conf/pldi/EmmiEH15,
  author    = {Michael Emmi and
               Constantin Enea and
               Jad Hamza},
  title     = {Monitoring Refinement via Symbolic Reasoning},
  booktitle = {Proc. 36th Annual {ACM} {SIGPLAN} Conference on
               Programming Language Design and Implementation, ({PLDI} ’15)},
  publisher = {{ACM}},
  year      = {2015},
}
